% Journals

% First the Full Name is given, then the abbreviation used in the AMS Math
% Reviews, with an indication if it could not be found there.
% Note the 2nd overwrites the 1st, so swap them if you want the full name.

 %{AMS}
 @String{AMSTrans = "American Mathematical Society Translations" }
 @String{AMSTrans = "Amer. Math. Soc. Transl." }
 @String{BullAMS = "Bulletin of the American Mathematical Society" }
 @String{BullAMS = "Bull. Amer. Math. Soc." }
 @String{ProcAMS = "Proceedings of the American Mathematical Society" }
 @String{ProcAMS = "Proc. Amer. Math. Soc." }
 @String{TransAMS = "Transactions of the American Mathematical Society" }
 @String{TransAMS = "Trans. Amer. Math. Soc." }

 %ACM
 @String{CACM = "Communications of the {ACM}" }
 @String{CACM = "Commun. {ACM}" }
 @String{CompServ = "Comput. Surveys" }
 @String{JACM = "J. ACM" }
 @String{ACMMathSoft = "{ACM} Transactions on Mathematical Software" }
 @String{ACMMathSoft = "{ACM} Trans. Math. Software" }
 @String{SIGNUM = "{ACM} {SIGNUM} Newsletter" }
 @String{SIGNUM = "{ACM} {SIGNUM} Newslett." }

 @String{AmerSocio = "American Journal of Sociology" }
 @String{AmerStatAssoc = "Journal of the American Statistical Association" }
 @String{AmerStatAssoc = "J. Amer. Statist. Assoc." }
 @String{ApplMathComp = "Applied Mathematics and Computation" }
 @String{ApplMathComp = "Appl. Math. Comput." }
 @String{AmerMathMonthly = "American Mathematical Monthly" }
 @String{AmerMathMonthly = "Amer. Math. Monthly" }
 @String{BIT = "{BIT}" }
 @String{BritStatPsych = "British Journal of Mathematical and Statistical
          Psychology" }
 @String{BritStatPsych = "Brit. J. Math. Statist. Psych." }
 @String{CanMathBull = "Canadian Mathematical Bulletin" }
 @String{CanMathBull = "Canad. Math. Bull." }
 @String{CompApplMath = "Journal of Computational and Applied Mathematics" }
 @String{CompApplMath = "J. Comput. Appl. Math." }
 @String{CompPhys = "Journal of Computational Physics" }
 @String{CompPhys = "J. Comput. Phys." }
 @String{CompStruct = "Computers and Structures" }
 @String{CompStruct = "Comput. \& Structures" }
 @String{CompJour = "The Computer Journal" }
 @String{CompJour = "Comput. J." }
 @String{CompSysSci = "Journal of Computer and System Sciences" }
 @String{CompSysSci = "J. Comput. System Sci." }
 @String{Computing = "Computing" }
 @String{ContempMath = "Contemporary Mathematics" }
 @String{ContempMath = "Contemp. Math." }
 @String{Crelle = "Crelle's Journal" }
 @String{GiornaleMath = "Giornale di Mathematiche" }
 @String{GiornaleMath = "Giorn. Mat." } % didn't find in AMS MR., ibid.

 %IEEE
 @String{Computer = "{IEEE} Computer" }
 @String{IEEETransComp = "{IEEE} Transactions on Computers" }
 @String{IEEETransComp = "{IEEE} Trans. Comput." }
 @String{IEEETransAC = "{IEEE} Transactions on Automatic Control" }
 @String{IEEETransAC = "{IEEE} Trans. Automat. Control" }
 @String{IEEESpec = "{IEEE} Spectrum" } % didn't find in AMS MR
 @String{ProcIEEE = "Proceedings of the {IEEE}" }
 @String{ProcIEEE = "Proc. {IEEE}" } % didn't find in AMS MR
 @String{IEEETransAeroElec = "{IEEE} Transactions on Aerospace and Electronic
     Systems" }
 @String{IEEETransAeroElec = "{IEEE} Trans. Aerospace Electron. Systems" }

 @String{IMANumerAna = "{IMA} Journal of Numerical Analysis" }
 @String{IMANumerAna = "{IMA} J. Numer. Anal." }
 @String{InfProcLet = "Information Processing Letters" }
 @String{InfProcLet = "Inform. Process. Lett." }
 @String{InstMathApp = "Journal of the Institute of Mathematics and
     its Applications" }
 @String{InstMathApp = "J. Inst. Math. Appl." }
 @String{IntControl = "International Journal of Control" }
 @String{IntControl = "Internat. J. Control" }
 @String{IntNumerEng = "International Journal for Numerical Methods in
     Engineering" }
 @String{IntNumerEng = "Internat. J. Numer. Methods Engrg." }
 @String{IntSuper = "International Journal of Supercomputing Applications" }
 @String{IntSuper = "Internat. J. Supercomputing Applic." } % didn't find
%% in AMS MR
 @String{Kibernetika = "Kibernetika" }
 @String{JResNatBurStand = "Journal of Research of the National Bureau
     of Standards" }
 @String{JResNatBurStand = "J. Res. Nat. Bur. Standards" }
 @String{LinAlgApp = "Linear Algebra and its Applications" }
 @String{LinAlgApp = "Linear Algebra Appl." }
 @String{MathAnaAppl = "Journal of Mathematical Analysis and Applications" }
 @String{MathAnaAppl = "J. Math. Anal. Appl." }
 @String{MathAnnalen = "Mathematische Annalen" }
 @String{MathAnnalen = "Math. Ann." }
 @String{MathPhys = "Journal of Mathematical Physics" }
 @String{MathPhys = "J. Math. Phys." }
 @String{MathComp = "Mathematics of Computation" }
 @String{MathComp = "Math. Comp." }
 @String{MathScand = "Mathematica Scandinavica" }
 @String{MathScand = "Math. Scand." }
 @String{TablesAidsComp = "Mathematical Tables and Other Aids to Computation" }
 @String{TablesAidsComp = "Math. Tables Aids Comput." }
 @String{NumerMath = "Numerische Mathematik" }
 @String{NumerMath = "Numer. Math." }
 @String{PacificMath = "Pacific Journal of Mathematics" }
 @String{PacificMath = "Pacific J. Math." }
 @String{ParDistComp = "Journal of Parallel and Distributed Computing" }
 @String{ParDistComp = "J. Parallel and Distrib. Comput." } % didn't find
%% in AMS MR
 @String{ParComputing = "Parallel Computing" }
 @String{ParComputing = "Parallel Comput." }
 @String{PhilMag = "Philosophical Magazine" }
 @String{PhilMag = "Philos. Mag." }
 @String{ProcNAS = "Proceedings of the National Academy of Sciences
                    of the USA" }
 @String{ProcNAS = "Proc. Nat. Acad. Sci. U. S. A." }
 @String{Psychometrika = "Psychometrika" }
 @String{QuartMath = "Quarterly Journal of Mathematics, Oxford, Series (2)" }
 @String{QuartMath = "Quart. J. Math. Oxford Ser. (2)" }
 @String{QuartApplMath = "Quarterly of Applied Mathematics" }
 @String{QuartApplMath = "Quart. Appl. Math." }
 @String{RevueInstStat = "Review of the International Statisical Institute" }
 @String{RevueInstStat = "Rev. Inst. Internat. Statist." }

 %SIAM
 @String{JSIAM = "Journal of the Society for Industrial and Applied
     Mathematics" }
 @String{JSIAM = "J. Soc. Indust. Appl. Math." }
 @String{JSIAMB = "Journal of the Society for Industrial and Applied
     Mathematics, Series B, Numerical Analysis" }
 @String{JSIAMB = "J. Soc. Indust. Appl. Math. Ser. B Numer. Anal." }
 @String{SIAMAlgMeth = "{SIAM} Journal on Algebraic and Discrete Methods" }
 @String{SIAMAlgMeth = "{SIAM} J. Algebraic Discrete Methods" }
 @String{SIAMAppMath = "{SIAM} Journal on Applied Mathematics" }
 @String{SIAMAppMath = "{SIAM} J. Appl. Math." }
 @String{SIAMComp = "{SIAM} Journal on Computing" }
 @String{SIAMComp = "{SIAM} J. Comput." }
 @String{SIAMMatrix = "{SIAM} Journal on Matrix Analysis and Applications" }
 @String{SIAMMatrix = "{SIAM} J. Matrix Anal. Appl." }
 @String{SIAMNumAnal = "{SIAM} Journal on Numerical Analysis" }
 @String{SIAMNumAnal = "{SIAM} J. Numer. Anal." }
 @String{SIAMReview = "{SIAM} Review" }
 @String{SIAMReview = "{SIAM} Rev." }
 @String{SIAMSciStat = "{SIAM} Journal on Scientific and Statistical
     Computing" }
 @String{SIAMSciStat = "{SIAM} J. Sci. Statist. Comput." }

 @String{SoftPracExp = "Software Practice and Experience" }
 @String{SoftPracExp = "Software Prac. Experience" } % didn't find in AMS MR
 @String{StatScience = "Statistical Science" }
 @String{StatScience = "Statist. Sci." }
 @String{Techno = "Technometrics" }
 @String{USSRCompMathPhys = "{USSR} Computational Mathematics and Mathematical
     Physics" }
 @String{USSRCompMathPhys = "{U. S. S. R.} Comput. Math. and Math. Phys." }
 @String{VLSICompSys = "Journal of {VLSI} and Computer Systems" }
 @String{VLSICompSys = "J. {VLSI} Comput. Syst." }
 @String{ZAngewMathMech = "Zeitschrift fur Angewandte Mathematik und
     Mechanik" }
 @String{ZAngewMathMech = "Z. Angew. Math. Mech." }
 @String{ZAngewMathPhys = "Zeitschrift fur Angewandte Mathematik und Physik" }
 @String{ZAngewMathPhys = "Z. Angew. Math. Phys." }

% Publishers % ================================================= |

 @String{Academic = "Academic Press" }
 @String{ACMPress = "{ACM} Press" }
 @String{AdamHilger = "Adam Hilger" }
 @String{AddisonWesley = "Addison-Wesley" }
 @String{AllynBacon = "Allyn and Bacon" }
 @String{AMS = "American Mathematical Society" }
 @String{Birkhauser = "Birkh{\"a}user" }
 @String{CambridgePress = "Cambridge University Press" }
 @String{Chelsea = "Chelsea" }
 @String{ClaredonPress = "Claredon Press" }
 @String{DoverPub = "Dover Publications" }
 @String{Eyolles = "Eyolles" }
 @String{HoltRinehartWinston = "Holt, Rinehart and Winston" }
 @String{Interscience = "Interscience" }
 @String{JohnsHopkinsPress = "The Johns Hopkins University Press" }
 @String{JohnWileySons = "John Wiley and Sons" }
 @String{Macmillan = "Macmillan" }
 @String{MathWorks = "The Math Works Inc." }
 @String{McGrawHill = "McGraw-Hill" }
 @String{NatBurStd = "National Bureau of Standards" }
 @String{NorthHolland = "North-Holland" }
 @String{OxfordPress = "Oxford University Press" }  %address Oxford or London?
 @String{PergamonPress = "Pergamon Press" }
 @String{PlenumPress = "Plenum Press" }
 @String{PrenticeHall = "Prentice-Hall" }
 @String{SIAMPub = "{SIAM} Publications" }
 @String{Springer = "Springer-Verlag" }
 @String{TexasPress = "University of Texas Press" }
 @String{VanNostrand = "Van Nostrand" }
 @String{WHFreeman = "W. H. Freeman and Co." }

%Entries

@article{tieanklin2024rideshare,
author = {Tieanklin, Nussara and Breda, Joseph and Althoff, Tim and Heimerl, Kurtis},
title = {"I will just have to keep driving": A Mixed-methods Investigation of Lack of Agency within the Thai Motorcycle Rideshare Driver Community},
year = {2024},
issue_date = {April 2024},
publisher = {Association for Computing Machinery},
address = {New York, NY, USA},
volume = {8},
number = {CSCW1},
url = {https://doi.org/10.1145/3653706},
doi = {10.1145/3653706},
abstract = {This paper presents a mixed-methods study of app-based motorcycle taxis in Thailand to explore the social dynamics of rideshare drivers and their exercised autonomy both through social pressure and a hostile work environment. As motorcycle taxis are open-air vehicles, drivers can be exposed to prolonged air pollution and other weather events, potentially impacting their health. In an initial quantitative study of server-side rideshare logs, we unexpectedly found that drivers do not exercise the autonomy provided by their rideshare platform to avoid air pollution events. This prompted a follow-on investigation through semi-structured interviews of both drivers and passengers in three provinces to explore why these drivers fail to experience the autonomy promised by gig-work in this context and elucidated further examples this lack of autonomy experienced by drivers. Our study sheds light on the social context that may constrain a driver's agency, including financial pressures, weather conditions, conflicts with local taxi organizations, and a false perception that drivers need to work around the ride assignment algorithm to avoid being blacklisted. We find that when leveraging app-based rideshare opportunities, drivers simultaneously perceive increased flexibility in their work hours and a lack of agency to prioritize their health and safety. We conclude with a discussion on potential interventions aimed at mitigating the forces preventing drivers from exercising their autonomy.},
journal = {Proc. ACM Hum.-Comput. Interact.},
month = apr,
articleno = {215},
numpages = {28},
keywords = {city, commerce / business, crowdsourcing, empirical methods, mixed methods, empirical study that tells us about how people use a system, empirical study that tells us about people, hci for development, health - wellbeing, location-aware/contextual computing, location-based and context-aware computing, mobile devices: phones/tablets, qualitative methods, quantitative methods}
}

@article{pool2018association,
  title={Association of a negative wealth shock with all-cause mortality in middle-aged and older adults in the United States},
  author={Pool, Lindsay R and Burgard, Sarah A and Needham, Belinda L and Elliott, Michael R and Langa, Kenneth M and De Leon, Carlos F Mendes},
  journal={Jama},
  volume={319},
  number={13},
  pages={1341--1350},
  year={2018},
  publisher={American Medical Association}
}

@misc{Air4Thai, url={http://air4thai.pcd.go.th/webV3}, journal={Air4Thai}, title={Air4Thai}} 

@article{nguyen2023bangkokpollution,
    author={
        Nguyen, Thi Phuoc Lai AND
        Winjikul Ekbordin AND
        Virdis Salvatore G.P.
    },
    year={2023},
    month=mar,
    numpages={7},
    publisher={Stockholm Environment Institute},
    journal={SEI brief},
    doi={10.51414/sei2023.12},
    title = {Air pollution in Bangkok: addressing unequal exposure and enhancing public understanding of the risks},
    url = {https://doi.org/10.51414/sei2023.12},
}

@misc{david2025chiangmaiburn,
title={Burning season in chiang mai: All you need to know},
url={https://www.closerlives.com/blog/post/burning-season-in-chiang-mai-all-you-need-to-know},
journal={Burning Season in Chiang Mai: All You Need to Know},
publisher={Closer Lives},
author={David, Jennifer and Gregori, Leon},
year={2025},
month=jan
} 

@misc{bernsten2024chiangmaiburn, title={When is it safe to burn fields? in Thailand, farmers can turn to a new app to check.}, url={https://grist.org/international/fired-app-system-targeted-solution-to-agricultural-burning-in-thailand/}, journal={When is it safe to burn fields? In Thailand, farmers can turn to a new app to check. | Grist}, publisher={Grist}, author={Bernsten, Zach and Guaglianone, Carmela}, year={2024}, month=jul} 

@misc{iqair2023chiangmaiburn, title={Seasonal crop burning pollutes Thailand’s skies}, url={https://www.iqair.com/us/newsroom/seasonal-crop-burning-pollutes-thailands-skies}, journal={Seasonal crop burning pollutes Thailand’s skies | IQAir}, publisher={IQAir}, author={IQAir Staff Writers}, year={2023}, month=jan} 

@misc{chiangmairadio2025aqmeasure, url={https://radiochiangmai.prd.go.th/th/content/category/detail/id/57/iid/352430}, title={N/A}, journal={N/A}}

@misc{chiangmaigov2024aqmeasure, url={https://maesa.go.th/public/list/data/detail/id/5046/menu/1554}, title={N/A}, journal={N/A}}

@article{elfassy2019associations,
  title={Associations of income volatility with incident cardiovascular disease and all-cause mortality in a US cohort: 1990 to 2015},
  author={Elfassy, Tali and Swift, Samuel L and Glymour, M Maria and Calonico, Sebastian and Jacobs Jr, David R and Mayeda, Elizabeth R and Kershaw, Kiarri N and Kiefe, Catarina and Zeki Al Hazzouri, Adina},
  journal={Circulation},
  volume={139},
  number={7},
  pages={850--859},
  year={2019},
  publisher={Am Heart Assoc}
}
@article{machado2021midlife,
  title={Midlife wealth mobility and long-term cardiovascular health},
  author={Machado, Sara and Sumarsono, Andrew and Vaduganathan, Muthiah},
  journal={JAMA cardiology},
  volume={6},
  number={10},
  pages={1152--1160},
  year={2021},
  publisher={American Medical Association}
}

@article{saldana2021coding,
  title={The coding manual for qualitative researchers},
  author={Salda{\~n}a, Johnny},
  year={2021},
  publisher={SAGE publications Ltd}
}


@article{braun2006using,
  title={Using thematic analysis in psychology},
  author={Braun, Virginia and Clarke, Victoria},
  journal={Qualitative research in psychology},
  volume={3},
  number={2},
  pages={77--101},
  year={2006},
  publisher={Taylor \& Francis}
}

@article{kathleen2008team,
  title={Team-based codebook development: Structure, process, and agreement},
  author={Kathleen M Macqueen and Eleanor McLellan-Lemal and Kelly Bartholow and Bobby Milstein},
  journal={Handbook for team-based qualitative research},
  pages={119--135},
  year={2008}
}

@article{williams2019art,
  title={The art of coding and thematic exploration in qualitative research},
  author={Williams, Michael and Moser, Tami},
  journal={International management review},
  volume={15},
  number={1},
  pages={45--55},
  year={2019}
}

@inproceedings{zhang2022algorithmic,
  title={Algorithmic management reimagined for workers and by workers: Centering worker well-being in gig work},
  author={Zhang, Angie and Boltz, Alexander and Wang, Chun Wei and Lee, Min Kyung},
  booktitle={Proceedings of the 2022 CHI conference on human factors in computing systems},
  pages={1--20},
  year={2022}
}

@misc{Wipatayotin_2025, title={Health Ministry to Push Work from home nationwide}, url={https://www.bangkokpost.com/thailand/general/2944471/health-ministry-to-push-work-from-home-nationwide}, journal={https://www.bangkokpost.com}, publisher={Bangkok Post}, author={Wipatayotin, Apinya}, year={2025}, month={Jan}} 

@article{rentschler2022air,
  title={Air Pollution and Poverty},
  author={Rentschler, Jun and Leonova, Nadia},
  year={2022}
}

@misc{Poushter2015motorcyclestat, title={Car, bike or motorcycle? Depends on where you live}, url={https://www.pewresearch.org/short-reads/2015/04/16/car-bike-or-motorcycle-depends-on-where-you-live/}, journal={Pew Research Center}, publisher={Pew Research Center}, author={Poushter, Jacob}, year={2015}, month={Apr}} 

@misc{who_ambient_air_pollution,
  title = {Ambient (outdoor) air pollution},
  author = {{World Health Organization}},
  howpublished = {\url{https://www.who.int/news-room/fact-sheets/detail/ambient-(outdoor)-air-quality-and-health}},
  year = {2024},
  month=oct
}

@misc{cdc_pm25,
  author       = {{Centers for Disease Control and Prevention}},
  title        = {Particulate Matter ({PM}) Pollution},
  howpublished = {\url{https://www.cdc.gov/air-quality/pollutants/index.html\#cdc_listing_add_info-additional-information-on-ozone-particulate-matter}},
  year         = {Accessed 2025}
}

@techreport{who_aqg_2021,
  author      = {{World Health Organization}},
  title       = {{WHO global air quality guidelines: particulate matter (PM$_{2.5}$ and PM$_{10}$), ozone, nitrogen dioxide, sulfur dioxide and carbon monoxide}},
  institution = {World Health Organization},
  year        = {2021},
  url         = {https://www.who.int/publications/i/item/9789240034228},
}

@misc{iqr_rank,
url={https://www.iqair.com/us/world-air-quality-ranking}
}

@misc{mapvis,
url={https://tracking.hazemon.in.th/en/interlab}
}